% Encoding: UTF-8

@Article{Efimov2015,
  author    = {Y. S. Efimov and I. A. Matveev},
  title     = {Iris border detection using a method of paired gradients},
  journal   = {Machine Learning and Data Analysis},
  year      = {2015},
  volume    = {1},
  number    = {14},
  pages     = {1991--2002},
  doi       = {10.21469/22233792.1.14.08},
  publisher = {Computing Centre of the Russian Academy of Sciences},
  url       = {https://doi.org/10.21469/22233792.1.14.08},
}

@Article{Chigrinskiy2016,
  author    = {V.V. Chigrinskiy},
  title     = {Fast algorithm for determining pupil and iris boundaries},
  journal   = {Machine Learning and Data Analysis},
  year      = {2016},
  volume    = {2},
  number    = {2},
  pages     = {159--172},
  doi       = {10.21469/22233792.2.2.03},
  publisher = {Computing Centre of the Russian Academy of Sciences},
  url       = {https://doi.org/10.21469/22233792.2.2.03},
}

@Comment{jabref-meta: databaseType:bibtex;}
